<?xml version="1.0" encoding="UTF-8"?>
<record xmlns="http://www.loc.gov/MARC21/slim" xmlns:xsi="http://www.w3.org/2001/XMLSchema-instance" xsi:schemaLocation="http://www.loc.gov/MARC21/slim http://www.loc.gov/standards/marcxml/schema/MARC21slim.xsd">
<leader>00000cam a22      a 4500</leader>
<controlfield tag="001">002854073</controlfield>
<controlfield tag="003">NNU</controlfield>
<controlfield tag="005">20120629122347.0</controlfield>
<controlfield tag="008">870804s1949    ir            000 0 ara d</controlfield>
<datafield tag="035" ind1=" " ind2=" ">
<subfield code="a">(OCoLC)81295610</subfield>
</datafield>
<datafield tag="040" ind1=" " ind2=" ">
<subfield code="a">NNU</subfield>
<subfield code="c">ZYU</subfield>
</datafield>
<datafield tag="100" ind1="1" ind2=" ">
<subfield code="6">880-01</subfield>
<subfield code="a">Abū al-Faḍl al-Ṭihrānī, Mīrzā,</subfield>
<subfield code="d">d. 1898.</subfield>
</datafield>
<datafield tag="240" ind1="0" ind2="0">
<subfield code="a">Poems</subfield>
</datafield>
<datafield tag="245" ind1="1" ind2="0">
<subfield code="6">880-02</subfield>
<subfield code="a">Dīwān Mīrzā Abī al-Faḍl al-Ṭihrānī /</subfield>
<subfield code="c">dawwanahu wa-rattabahu wa-hadhdhabahu wa-ʻallaqa ḥawāshīhi wa-qaddama lahu wa-ʻuniyá bi-taṣḥīḥ ṭabʻah Jalāl al-Dīn al-Ḥusaynī al-mushtahar bi al-Muḥaddith.</subfield>
</datafield>
<datafield tag="260" ind1=" " ind2=" ">
<subfield code="6">880-03</subfield>
<subfield code="a">Ṭihrān :</subfield>
<subfield code="b">Jalab-i Rangīn,</subfield>
<subfield code="c">1369 [1949]</subfield>
</datafield>
<datafield tag="300" ind1=" " ind2=" ">
<subfield code="a">408 p. ;</subfield>
<subfield code="c">21 cm.</subfield>
</datafield>
<datafield tag="700" ind1="1" ind2=" ">
<subfield code="a">Muḥaddis̤, Jalāl al-Dīn,</subfield>
<subfield code="d">1905 or 6-</subfield>
</datafield>
<datafield tag="880" ind1="1" ind2=" ">
<subfield code="6">100-01/</subfield>
<subfield code="a">ابو الفضل الطهراني، ميرزا.</subfield>
</datafield>
<datafield tag="880" ind1="1" ind2="0">
<subfield code="6">245-02/</subfield>
<subfield code="a">ديوان ميرزا ابي الفضل الطهراني /</subfield>
<subfield code="c">دونه ورتبه وهذبه وعلق حواشيه وقدم له وعنيى بتصحيح طبعة جلال الدين الحسيني المشتهر ب المحدث.</subfield>
</datafield>
<datafield tag="880" ind1=" " ind2=" ">
<subfield code="6">260-03/</subfield>
<subfield code="a">طهران :</subfield>
<subfield code="b">جلبا رنگين،</subfield>
<subfield code="c">1369 [1949]</subfield>
</datafield>
<datafield tag="OWN" ind1=" " ind2=" ">
<subfield code="a">GENERAL</subfield>
</datafield>
<datafield tag="AVA" ind1=" " ind2=" ">
<subfield code="a">NYU50</subfield>
<subfield code="b">BOBST</subfield>
<subfield code="c">Main Collection</subfield>
<subfield code="d">PJ7808.A334 A17 1949</subfield>
<subfield code="e">unavailable</subfield>
<subfield code="t">Unavailable</subfield>
<subfield code="f">1</subfield>
<subfield code="g">1</subfield>
<subfield code="h">N</subfield>
<subfield code="i">0</subfield>
<subfield code="j">MAIN</subfield>
<subfield code="k">0</subfield>
</datafield>
</record>
